<record><leader>00000cas a2200000 a 4500</leader><controlfield tag="001">15434046</controlfield><controlfield tag="007">hd afb---buuu</controlfield><controlfield tag="008">870330d18501852ncucr n a     0    0eng c</controlfield><datafield ind1=" " ind2=" " tag="010"><subfield code="a">  2010229754</subfield></datafield><datafield ind1=" " ind2=" " tag="040"><subfield code="a">NCS</subfield><subfield code="b">eng</subfield><subfield code="c">NCS</subfield><subfield code="d">OCL</subfield><subfield code="d">OCLCQ</subfield><subfield code="d">NCECU</subfield><subfield code="d">OCLCQ</subfield><subfield code="d">FUG</subfield><subfield code="d">OCLCQ</subfield><subfield code="d">OCLCF</subfield><subfield code="d">OCLCO</subfield></datafield><datafield ind1=" " ind2=" " tag="019"><subfield code="a">41055339</subfield></datafield><datafield ind1=" " ind2=" " tag="042"><subfield code="a">pcc</subfield></datafield><datafield ind1=" " ind2=" " tag="043"><subfield code="a">n-us-nc</subfield></datafield><datafield ind1="0" ind2=" " tag="130"><subfield code="a">North Carolina standard (Raleigh, N.C. : 1850 : semiweekly)</subfield></datafield><datafield ind1="1" ind2="0" tag="245"><subfield code="a">North Carolina standard</subfield><subfield code="h">[microform].</subfield></datafield><datafield ind1=" " ind2=" " tag="260"><subfield code="a">Raleigh, N.C. :</subfield><subfield code="b">William W. Holden,</subfield><subfield code="c">1850-1852.</subfield></datafield><datafield ind1=" " ind2=" " tag="300"><subfield code="a">v. :</subfield><subfield code="b">ill.</subfield></datafield><datafield ind1=" " ind2=" " tag="310"><subfield code="a">Semiweekly</subfield></datafield><datafield ind1="1" ind2=" " tag="362"><subfield code="a">Began on Nov. 2, 1850.</subfield></datafield><datafield ind1="0" ind2=" " tag="362"><subfield code="a">-V. 2, no. 17 (Jan. 3, 1852).</subfield></datafield><datafield ind1=" " ind2=" " tag="500"><subfield code="a">Motto: "The Constitution and the union of the states--they must be preserved."</subfield></datafield><datafield ind1=" " ind2=" " tag="500"><subfield code="a">"Established: Nov. 2, 1850."</subfield></datafield><datafield ind1=" " ind2=" " tag="580"><subfield code="a">Filmed with: Semi-weekly North-Carolina standard ; semi-weekly standard.</subfield></datafield><datafield ind1=" " ind2=" " tag="588"><subfield code="a">Description based on: Vol. 1, no. 2 (Nov. 6, 1850).</subfield></datafield><datafield ind1=" " ind2=" " tag="533"><subfield code="a">Microfilm.</subfield><subfield code="b">Raleigh, N.C. :</subfield><subfield code="c">N.C. Dept. of Archives and History. Division of Archives and Manuscripts.</subfield><subfield code="e">microfilm reels ; 35 mm.</subfield></datafield><datafield ind1=" " ind2="0" tag="651"><subfield code="a">Raleigh (N.C.)</subfield><subfield code="v">Newspapers.</subfield></datafield><datafield ind1=" " ind2="7" tag="655"><subfield code="a">Newspapers.</subfield><subfield code="2">fast</subfield><subfield code="0">(OCoLC)fst01423814</subfield></datafield><datafield ind1=" " ind2="7" tag="651"><subfield code="a">North Carolina</subfield><subfield code="z">Raleigh.</subfield><subfield code="2">fast</subfield><subfield code="0">(OCoLC)fst01206341</subfield></datafield><datafield ind1=" " ind2=" " tag="752"><subfield code="a">United States</subfield><subfield code="b">North Carolina</subfield><subfield code="c">Wake</subfield><subfield code="d">Raleigh.</subfield></datafield><datafield ind1="1" ind2=" " tag="776"><subfield code="t">North Carolina standard (Raleigh, N.C. : 1850 : Semiweekly)</subfield><subfield code="w">(OCoLC)10897203</subfield></datafield><datafield ind1="0" ind2="0" tag="785"><subfield code="t">Semi-weekly North-Carolina standard (Raleigh, N.C. : 1852)</subfield><subfield code="w">(OCoLC)15434070</subfield></datafield></record>